% Encoding: UTF-8

@article{chen2016fast,
  title={Fast patch-based style transfer of arbitrary style},
  author={Chen, Tian Qi and Schmidt, Mark},
  journal={arXiv preprint arXiv:1612.04337},
  year={2016}
}

@inproceedings{johnson2016perceptual,
  title={Perceptual losses for real-time style transfer and super-resolution},
  author={Johnson, Justin and Alahi, Alexandre and Fei-Fei, Li},
  booktitle={European Conference on Computer Vision},
  pages={694--711},
  year={2016},
  organization={Springer}
}

@Article{luan2017deep,
  author  = {Luan, Fujun and Paris, Sylvain and Shechtman, Eli and Bala, Kavitaluan2017deep},
  title   = {Deep photo style transfer},
  journal = {CoRR, abs/1703.07511},
  year    = {2017},
}

@inproceedings{gatys2016image,
  title={Image style transfer using convolutional neural networks},
  author={Gatys, Leon A and Ecker, Alexander S and Bethge, Matthias},
  booktitle={Computer Vision and Pattern Recognition (CVPR), 2016 IEEE Conference on},
  pages={2414--2423},
  year={2016},
  organization={IEEE}
}

@article{isola2017image,
  title={Image-to-image translation with conditional adversarial networks},
  author={Isola, Phillip and Zhu, Jun-Yan and Zhou, Tinghui and Efros, Alexei A},
  journal={arXiv preprint},
  year={2017}
}

@article{liao2017visual,
  title={Visual attribute transfer through deep image analogy},
  author={Liao, Jing and Yao, Yuan and Yuan, Lu and Hua, Gang and Kang, Sing Bing},
  journal={arXiv preprint arXiv:1705.01088},
  year={2017}
}

@article{liu2016geometric,
  title={Geometric tight frame based stylometry for art authentication of van Gogh paintings},
  author={Liu, Haixia and Chan, Raymond H and Yao, Yuan},
  journal={Applied And Computational Harmonic Analysis},
  volume={41},
  number={2},
  pages={590--602},
  year={2016},
  publisher={Elsevier}
}

@article{ledig2016photo,
  title={Photo-realistic single image super-resolution using a generative adversarial network},
  author={Ledig, Christian and Theis, Lucas and Husz{\'a}r, Ferenc and Caballero, Jose and Cunningham, Andrew and Acosta, Alejandro and Aitken, Andrew and Tejani, Alykhan and Totz, Johannes and Wang, Zehan and others},
  journal={arXiv preprint},
  year={2016}
}

@inproceedings{gulrajani2017improved,
  title={Improved training of wasserstein gans},
  author={Gulrajani, Ishaan and Ahmed, Faruk and Arjovsky, Martin and Dumoulin, Vincent and Courville, Aaron C},
  booktitle={Advances in Neural Information Processing Systems},
  pages={5769--5779},
  year={2017}
}

@incollection{NIPS2015_5633,
title = {Texture Synthesis Using Convolutional Neural Networks},
author = {Gatys, Leon and Ecker, Alexander S and Bethge, Matthias},
booktitle = {Advances in Neural Information Processing Systems 28},
editor = {C. Cortes and N. D. Lawrence and D. D. Lee and M. Sugiyama and R. Garnett},
pages = {262--270},
year = {2015},
publisher = {Curran Associates, Inc.},
url = {http://papers.nips.cc/paper/5633-texture-synthesis-using-convolutional-neural-networks.pdf}
}

@article{kim2017learning,
  title={Learning to discover cross-domain relations with generative adversarial networks},
  author={Kim, Taeksoo and Cha, Moonsu and Kim, Hyunsoo and Lee, Jungkwon and Kim, Jiwon},
  journal={arXiv preprint arXiv:1703.05192},
  year={2017}
}

@article{zhu2017unpaired,
  title={Unpaired image-to-image translation using cycle-consistent adversarial networks},
  author={Zhu, Jun-Yan and Park, Taesung and Isola, Phillip and Efros, Alexei A},
  journal={arXiv preprint arXiv:1703.10593},
  year={2017},
  publisher={ICCV}
}

@article{elgammal2017picasso,
  title={Picasso, Matisse, or a Fake? Automated Analysis of Drawings at the Stroke Level for Attribution and Authentication},
  author={Elgammal, Ahmed and Kang, Yan and Leeuw, Milko Den},
  journal={arXiv preprint arXiv:1711.03536},
  year={2017}
}

@article{li2010multiframe,
  title={Multiframe super-resolution reconstruction using sparse directional regularization},
  author={Li, Yan-Ran and Dai, Dao-Qing and Shen, Lixin},
  journal={IEEE Transactions on Circuits and Systems for Video Technology},
  volume={20},
  number={7},
  pages={945--956},
  year={2010},
  publisher={IEEE}
}

@article{li2011framelet,
  title={Framelet algorithms for de-blurring images corrupted by impulse plus Gaussian noise},
  author={Li, Yan-Ran and Shen, Lixin and Dai, Dao-Qing and Suter, Bruce W},
  journal={IEEE Transactions on Image Processing},
  volume={20},
  number={7},
  pages={1822--1837},
  year={2011},
  publisher={IEEE}
}

@Unpublished{beida,
  author = {Yue Li and Jinglin Chen and Shijie Cui and Yuxuan Zhou},
  title  = {Artistic Authentication of Raphael Paintings},
  year   = {2017},
}

@inproceedings{chen2017photographic,
  title={Photographic image synthesis with cascaded refinement networks},
  author={Chen, Qifeng and Koltun, Vladlen},
  booktitle={The IEEE International Conference on Computer Vision (ICCV)},
  volume={1},
  year={2017}
}

@inproceedings{Krizhevsky2012ImageNet,
  title={ImageNet classification with deep convolutional neural networks},
  author={Krizhevsky, Alex and Sutskever, Ilya and Hinton, Geoffrey E.},
  booktitle={International Conference on Neural Information Processing Systems},
  pages={1097-1105},
  year={2012},
}

@article{Zeiler2013Visualizing,
  title={Visualizing and Understanding Convolutional Networks},
  author={Zeiler, Matthew D. and Fergus, Rob},
  volume={8689},
  pages={818-833},
  year={2013},
}

@article{Gatys2015Texture,
  title={Texture Synthesis Using Convolutional Neural Networks},
  author={Gatys, Leon A and Ecker, Alexander S and Bethge, Matthias},
  journal={Febs Letters},
  volume={70},
  number={1},
  pages={51-55},
  year={2015},
}

@article{Selim2016Painting,
  title={Painting style transfer for head portraits using convolutional neural networks},
  author={Selim, Ahmed and Elgharib, Mohamed and Doyle, Linda},
  journal={Acm Transactions on Graphics},
  volume={35},
  number={4},
  pages={1-18},
  year={2016},
}

@inproceedings{Li2016Combining,
  title={Combining Markov Random Fields and Convolutional Neural Networks for Image Synthesis},
  author={Li, Chuan and Wand, Michael},
  booktitle={IEEE Conference on Computer Vision and Pattern Recognition},
  pages={2479-2486},
  year={2016},
}

@article{Hsu2009Intelligent,
  title={Intelligent position tracking control for LCM drive using stable online self-constructing recurrent neural network controller with bound architecture},
  author={Hsu, Chun Fei},
  journal={Control Engineering Practice},
  volume={17},
  number={6},
  pages={714-722},
  year={2009},
}

@inproceedings{Goodfellow2014Generative,
  title={Generative adversarial nets},
  author={Goodfellow, Ian J. and Pouget-Abadie, Jean and Mirza, Mehdi and Xu, Bing and Warde-Farley, David and Ozair, Sherjil and Courville, Aaron and Bengio, Yoshua},
  booktitle={International Conference on Neural Information Processing Systems},
  pages={2672-2680},
  year={2014},
}

@Comment{jabref-meta: databaseType:bibtex;}
